<?xml version="1.0" encoding="UTF-8"?><collection xmlns="http://www.loc.gov/MARC21/slim"><record><leader>00422nam--2200145-i-4500</leader><controlfield tag="001">000009944</controlfield><controlfield tag="002">20161230</controlfield><controlfield tag="005">20161230201028</controlfield><controlfield tag="008">060222s1000------------r-----000-0-eng-d</controlfield><datafield ind1=" " ind2=" " tag="080"><subfield code="a">681.31</subfield></datafield><datafield ind1=" " ind2=" " tag="100"><subfield code="a">Bell, Gordon C. And Newell, Allen</subfield></datafield><datafield ind1=" " ind2=" " tag="245"><subfield code="a">Computer structures:readings and examples</subfield></datafield><datafield ind1=" " ind2=" " tag="260"><subfield code="a">New York, Mcgraw-hill Book Comp., 1971. Xix + 668 P</subfield></datafield><datafield ind1=" " ind2=" " tag="490"><subfield code="a">Mcgraw-hill Computer Science Series</subfield></datafield><datafield ind1=" " ind2=" " tag="852"><subfield code="a">35996</subfield></datafield></record></collection>